<record xmlns="http://www.loc.gov/MARC21/slim">
   <leader>02489pam a2200493 i 4500</leader>
   <controlfield tag="001">6803067</controlfield>
   <controlfield tag="003">OCoLC</controlfield>
   <controlfield tag="005">20150121082147.0</controlfield>
   <controlfield tag="008">140522t20152014onca   j b    001 0 eng c</controlfield>
   <datafield ind1=" " ind2=" " tag="010">
      <subfield code="a">  2014020136</subfield>
   </datafield>
   <datafield ind1=" " ind2=" " tag="020">
      <subfield code="a">9780778707325 (reinforced library binding)</subfield>
   </datafield>
   <datafield ind1=" " ind2=" " tag="020">
      <subfield code="a">0778707326 (reinforced library binding)</subfield>
   </datafield>
   <datafield ind1=" " ind2=" " tag="020">
      <subfield code="a">9780778707400 (pbk.)</subfield>
   </datafield>
   <datafield ind1=" " ind2=" " tag="020">
      <subfield code="a">0778707407 (pbk.)</subfield>
   </datafield>
   <datafield ind1=" " ind2=" " tag="020">
      <subfield code="z">9781427176660 (electronic pdf)</subfield>
   </datafield>
   <datafield ind1=" " ind2=" " tag="020">
      <subfield code="z">9781427176622 (electronic html)</subfield>
   </datafield>
   <datafield ind1=" " ind2=" " tag="035">
      <subfield code="a">ocn880689783</subfield>
   </datafield>
   <datafield ind1=" " ind2=" " tag="040">
      <subfield code="a">NJQ/DLC</subfield>
      <subfield code="b">eng</subfield>
      <subfield code="e">rda</subfield>
      <subfield code="c">ZQP</subfield>
      <subfield code="d">DLC</subfield>
      <subfield code="d">OCLCF</subfield>
      <subfield code="d">PZT</subfield>
      <subfield code="d">OQX</subfield>
      <subfield code="d">GK8</subfield>
      <subfield code="d">UAB</subfield>
      <subfield code="d">AEU</subfield>
   </datafield>
   <datafield ind1=" " ind2=" " tag="042">
      <subfield code="a">pcc</subfield>
   </datafield>
   <datafield ind1="0" ind2="0" tag="050">
      <subfield code="a">QA113</subfield>
      <subfield code="b">.R655 2015</subfield>
   </datafield>
   <datafield ind1="0" ind2="4" tag="082">
      <subfield code="a">510</subfield>
      <subfield code="2">23</subfield>
   </datafield>
   <datafield ind1=" " ind2=" " tag="090">
      <subfield code="a">QA 113 R655 2015</subfield>
      <subfield code="b">AEC</subfield>
   </datafield>
   <datafield ind1=" " ind2=" " tag="090">
      <subfield code="a">QA 113 R655 2015</subfield>
      <subfield code="b">AEU</subfield>
   </datafield>
   <datafield ind1="1" ind2=" " tag="100">
      <subfield code="a">Rooney, Anne,</subfield>
      <subfield code="e">author.</subfield>
   </datafield>
   <datafield ind1="1" ind2="2" tag="245">
      <subfield code="a">A math journey through the animal kingdom /</subfield>
      <subfield code="c">Anne Rooney.</subfield>
   </datafield>
   <datafield ind1=" " ind2="1" tag="264">
      <subfield code="a">St. Catharines, ON ;</subfield>
      <subfield code="a">New York, NY :</subfield>
      <subfield code="b">Crabtree Publishing Company,</subfield>
      <subfield code="c">2015.</subfield>
   </datafield>
   <datafield ind1=" " ind2="4" tag="264">
      <subfield code="c">©2014</subfield>
   </datafield>
   <datafield ind1=" " ind2=" " tag="300">
      <subfield code="a">32 pages :</subfield>
      <subfield code="b">color illustrations ;</subfield>
      <subfield code="c">26 cm.</subfield>
   </datafield>
   <datafield ind1=" " ind2=" " tag="336">
      <subfield code="a">text</subfield>
      <subfield code="b">txt</subfield>
      <subfield code="2">rdacontent</subfield>
   </datafield>
   <datafield ind1=" " ind2=" " tag="337">
      <subfield code="a">unmediated</subfield>
      <subfield code="b">n</subfield>
      <subfield code="2">rdamedia</subfield>
   </datafield>
   <datafield ind1=" " ind2=" " tag="338">
      <subfield code="a">volume</subfield>
      <subfield code="b">nc</subfield>
      <subfield code="2">rdacarrier</subfield>
   </datafield>
   <datafield ind1="1" ind2=" " tag="490">
      <subfield code="a">Go figure!</subfield>
   </datafield>
   <datafield ind1=" " ind2=" " tag="504">
      <subfield code="a">Includes bibliographical references and index.</subfield>
   </datafield>
   <datafield ind1="0" ind2=" " tag="505">
      <subfield code="a">Adding ants! -- Quest for the jaguar -- Foxes and hares -- Snake bite! -- Antarctica antics -- Tiger sightings -- Counting fish -- Birds of paradise -- Tracking sea turtles -- On the savannah -- Breeding meerkats -- Bug populations -- Answers.</subfield>
   </datafield>
   <datafield ind1=" " ind2=" " tag="520">
      <subfield code="a">"Fun pictograms and infographics about the animal kingdom make learning about math topics such as symmetry, coordinates, and place value easy and fun. In this book, readers go on a mission to some of the world's amazing habitats and use their mathematical skills to track tigers, count penguins, and search for jaguars. Math puzzles and exercises help children build confidence in their math skills."--</subfield>
      <subfield code="c">Provided by publisher.</subfield>
   </datafield>
   <datafield ind1="8" ind2=" " tag="521">
      <subfield code="a">Guided reading: R.</subfield>
   </datafield>
   <datafield ind1=" " ind2=" " tag="596">
      <subfield code="a">21 41</subfield>
   </datafield>
   <datafield ind1=" " ind2="0" tag="650">
      <subfield code="a">Mathematics</subfield>
      <subfield code="v">Juvenile literature.</subfield>
   </datafield>
   <datafield ind1=" " ind2="0" tag="650">
      <subfield code="a">Zoology</subfield>
      <subfield code="v">Juvenile literature.</subfield>
   </datafield>
   <datafield ind1=" " ind2="0" tag="650">
      <subfield code="a">Animals</subfield>
      <subfield code="v">Miscellanea</subfield>
      <subfield code="v">Juvenile literature.</subfield>
   </datafield>
   <datafield ind1="1" ind2=" " tag="800">
      <subfield code="a">Rooney, Anne.</subfield>
      <subfield code="t">Go figure!</subfield>
   </datafield>
   <datafield ind1=" " ind2=" " tag="949">
      <subfield code="a">QA 113 R655 2015</subfield>
      <subfield code="c">1</subfield>
      <subfield code="h">UAED-CU-B</subfield>
      <subfield code="i">0162035233582</subfield>
   </datafield>
   <datafield ind1=" " ind2=" " tag="926">
      <subfield code="a">QA 113 R655 2015</subfield>
      <subfield code="w">LC</subfield>
      <subfield code="c">1</subfield>
      <subfield code="i">0162035233582</subfield>
      <subfield code="d">1/27/2016</subfield>
      <subfield code="e">1/25/2016</subfield>
      <subfield code="l">CURRICULUM</subfield>
      <subfield code="m">UAEDUC</subfield>
      <subfield code="n">1</subfield>
      <subfield code="p">$150.00</subfield>
      <subfield code="r">Y</subfield>
      <subfield code="s">Y</subfield>
      <subfield code="t">BOOK</subfield>
      <subfield code="u">2/11/2015</subfield>
   </datafield>
   <datafield ind1=" " ind2=" " tag="926">
      <subfield code="a">QA 113 R655 2015</subfield>
      <subfield code="w">LC</subfield>
      <subfield code="c">1</subfield>
      <subfield code="i">33333001323274</subfield>
      <subfield code="d">1/25/2017</subfield>
      <subfield code="e">1/23/2017</subfield>
      <subfield code="l">CURRICULUM</subfield>
      <subfield code="m">CONCORDIA</subfield>
      <subfield code="n">1</subfield>
      <subfield code="r">Y</subfield>
      <subfield code="s">Y</subfield>
      <subfield code="t">CURR_BOOK</subfield>
      <subfield code="u">5/16/2016</subfield>
   </datafield>
</record>
